@preamble{"\newcommand*{\cccertificationZZZ}{}"}
%@preamble{"\newcommand*{\thisproductlong}{MauveCorp MauveVPN Client}"}

@Report{vpnpp,
  author = 	 {Bundesamt für Sicherheit in der Informationstechnik},
  title = 	 {Schutzprofil: Anforderungen an den VPN Client},
  type = 	 {Common Criteria Schutzprofil (Protection Profile)},
  institution =  {Bundesamt für Sicherheit in der Informationstechnik (BSI)},
  date = 	 {2020-02-05},
  label =        {BSI-CC-PP-00zz},
  subtitle =     {BSI-CC-PP-00zz},
  version = 	 {1.1},
  keywords =     {pptr}}

@Report{TR021021,
  author = 	 {Bundesamt für Sicherheit in der Informationstechnik},
  title = 	 {Kryptographische Verfahren: Empfehlungen und Schlüssellängen},
  titleaddon =   {Technische Richtlinie BSI TR-02102-1},
  type = 	 {Technical Guideline},
  institution =  {Bundesamt für Sicherheit in der Informationstechnik (BSI)},
  date = 	 {2018-05-29},
  key = 	 {TR-02102-1},
  version = 	 {2018-02},
  label =        {TR-02102-1},
  url = 	 {https://www.bsi.bund.de/DE/Publikationen/TechnischeRichtlinien/tr02102/index_htm.html},
  keywords =     {pptr}}

@Report{TR03111,
  author = 	 {Bundesamt für Sicherheit in der Informationstechnik},
  title = 	 {Elliptic Curve Cryptography},
  titleaddon =   {Technische Richtlinie BSI TR-03111},
  type = 	 {Technical Guideline},
  institution =  {Bundesamt für Sicherheit in der Informationstechnik (BSI)},
  date = 	 {2012-08-28},
  key = 	 {TR-03111},
  version = 	 {2.9},
  label =        {TR-03111},
  url = 	 {https://www.bsi.bund.de/DE/Publikationen/TechnischeRichtlinien/tr03111/index_htm.html},
  keywords =     {pptr}}


@Report{TR03115,
  author = 	 {Bundesamt für Sicherheit in der Informationstechnik},
  title = 	 {Technische Richtlinie für die Komfortsignatur mit dem Heilberufsausweis},
  titleaddon =   {Technische Richtlinie BSI TR-03115},
  type = 	 {Technical Guideline},
  institution =  {Bundesamt für Sicherheit in der Informationstechnik (BSI)},
  date = 	 {2007-10-19},
  label =        {TR-03115},
  key =          {TR-03115},
  version = 	 {2.0},
  url = 	 {https://www.bsi.bund.de/DE/Publikationen/TechnischeRichtlinien/tr03115/index_htm.html},
  keywords =     {pptr}}


@Report{TR03116,
  author = 	 {Bundesamt für Sicherheit in der Informationstechnik},
  title = 	 {Kryptographische Vorgaben für Projekte der Bundesregierung},
  subtitle =     {Teil 1: Telematikinfrastruktur},
  titleaddon =   {Technische Richtlinie BSI TR-03116-1},
  type = 	 {Technical Guideline},
  institution =  {Bundesamt für Sicherheit in der Informationstechnik (BSI)},
  date = 	 {2018-09-21},
  label =        {TR-03116-1},
  key =          {TR-03116-1},
  version = 	 {3.20},
  url = 	 {https://www.bsi.bund.de/DE/Publikationen/TechnischeRichtlinien/tr03116/index_htm.html},
  keywords =     {pptr}}

@Report{AIS31,
  author = 	 {Bundesamt für Sicherheit in der Informationstechnik},
  type = 	 {Technical Guideline},
  institution =  {Bundesamt für Sicherheit in der Informationstechnik (BSI)},
  date = 	 {2013-05-15},
  key = 	 {AIS31},
  version = 	 {3},
  label =        {AIS 31},
  keywords =     {pptr}}

@Online{bsi-grundschutz,
  author = 	 {Bundesamt für Sicherheit in der Informationstechnik},
  title = 	 {IT-Grundschutz-Kataloge},
  date = 	 2017,
  label =        {BSI-GS}, 
  url = 	 {https://www.bsi.bund.de/DE/Themen/ITGrundschutz/ITGrundschutzKataloge/itgrundschutzkataloge_node.html}}

@Manual{agd_adm,
  author = 	 {Mauve Corp},
  title = 	 {Administrator manual \thisproductlong},
  type =         {Common Criteria Component AGD\_ADM},
  label =        {AGD\_ADM},
  note = 	 {\cccertificationZZZ{}},
  keywords =     {mauvedoc}}

@Manual{alc_del,
  author = 	 {Mauve Corp},
  title = 	 {\thisproductlong},
  subtitle =     {Delivery Procedures (ALC\_DEL)},
  type =         {Common Criteria Component ALC\_DEL},
  label =        {ALC\_DEL},
  note = 	 {\cccertificationZZZ{}},
  keywords =     {mauvedoc}}

@Manual{alc_flr,
  author = 	 {Mauve Corp},
  title = 	 {Flaw Remedation Procedures (ALC\_FLR)},
  type =         {Common Criteria Component ALC\_FLR},
  label =        {ALC\_FLR},
  note = 	 {\cccertificationZZZ{}},
  keywords =     {mauvedoc}}

@Manual{adv_tds,
  author = 	 {Mauve Corp},
  title = 	 {\thisproductlong},
  subtitle =     {TOE Design Spezifikation},
  type =         {Common Criteria Component ADV\_TDS},
  label =        {ADV\_TDS},
  note = 	 {\cccertificationZZZ{}},
  keywords =     {mauvedoc}}

@Manual{adv_arc,
  author = 	 {Mauve Corp},
  title = 	 {\thisproductlong},
  subtitle =     {Security Architecture},
  type =         {Common Criteria Component ADV\_ARC},
  label =        {ADV\_ARC},
  note = 	 {\cccertificationZZZ{}},
  keywords =     {mauvedoc}}

@Manual{adv_fsp,
  author = 	 {Mauve Corp},
  title = 	 {\thisproductlong},
  subtitle =     {Functiona Specification},
  type =         {Common Criteria Component ADV\_FSP},
  label =        {ADV\_FSP},
  note = 	 {\cccertificationZZZ{}},
  keywords =     {mauvedoc}}

@Manual{alc,
  author = 	 {Mauve Corp},
  title =        {Life Cycle Support (Development site MauveCorp)},
  type =         {Common Criteria Component ALC},
  label =        {ALC},
  keywords =     {mauvedoc}}

@Manual{ase,
  author = 	 {Mauve Corp},
  title = 	 {\thisproductlong},
  subtitle =     {Security Target},
  type =         {Common Criteria Component ASE\_ST},
  label = 	 {ASE\_ST},
  note = 	 {\cccertificationZZZ{}},
  keywords =     {mauvedoc}}

@Manual{ate_cov,
  author = 	 {Mauve Corp},
  title = 	 {\thisproductlong},
  subtitle =     {Test Documentation -- Coverage},
  type =         {Common Criteria Component ATE},
  label = 	 {ATE\_COV},
  note = 	 {\cccertificationZZZ{}},
  keywords =     {mauvedoc}}

@Manual{ate_test,
  author = 	 {Mauve Corp},
  title = 	 {\thisproductlong},
  subtitle =     {Test Documentation},
  type =         {Common Criteria Component ATE},
  label = 	 {ATE\_Test},
  note = 	 {\cccertificationZZZ{}},
  keywords =     {mauvedoc}}

@Manual{reflist,
  author =       {Mauve Corp},
  title =        {References of Developer Documents},
  label =        {Reflist},
  note =         {\cccertificationZZZ{}},
  keywords =     {mauvedoc}}


@Report{FIPS180-4,
  author = 	 {National Institute of Standards and Technology},
  title = 	 {Secure Hash Standard (SHS)},
  type = 	 {Federal Information Processing Standards Publication},
  institution =  {Information Technology Laboratory},
  date = 	 {2015-08},
  label = 	 {FIPS PUB 180-4},
  url = 	 {http://dx.doi.org/10.6028/NIST.FIPS.180-4},
  keywords =     {standard}}

@Report{FIPS186-4,
  author = 	 {National Institute of Standards and Technology},
  title = 	 {Digital Signature Standard (DSS)},
  type = 	 {Federal Information Processing Standards Publication},
  institution =  {Information Technology Laboratory},
  date = 	 {2013-07},
  label = 	 {FIPS PUB 186-2},
  url =          {http://nvlpubs.nist.gov/nistpubs/FIPS/NIST.FIPS.186-4.pdf},
  keywords =     {standard}}

@Report{FIPS197,
  author = 	 {National Institute of Standards and Technology},
  title = 	 {Advanced Encryption Standard (AES)},
  type = 	 {Federal Information Processing Standards Publication},
  institution =  {Information Technology Laboratory},
  date = 	 {2001-11},
  key = 	 {FIPS PUB 197},
  label = 	 {FIPS PUB 197},
  url =          {http://nvlpubs.nist.gov/nistpubs/FIPS/NIST.FIPS.197.pdf},
  keywords =     {standard}}

@Report{X9.62,
  author = 	 {Accredited Standards Committee X9},
  title = 	 {ANSI X9.62, Public Key Cryptography For The Financial Services
                  Industry: The Elliptic Curve Digital Signature Algorithm
                  (ECDSA)},
  type = 	 {Standard},
  institution =  {ANSI},
  date = 	 {2005-11-16},
  label = 	 {ANSI X9.62},
  keywords =     {standard}}

@Report{NISTSP800-38A,
  author = 	 {Dworkin, Morris},
  title = 	 {Recommendation for Block Cipher Modes of Operation},
  subtitle =     {Methods and Techniques},
  type = 	 {NIST Special Publication 800-38A},
  institution =  {National Institute of Standards and Technology},
  year = 	 2001,
  month = 	 12,
  key = 	 {NIST SP 800-38A},
  label = 	 {NIST SP 800-38A},
  url = 	 {http://nvlpubs.nist.gov/nistpubs/Legacy/SP/nistspecialpublication800-38a.pdf},
  keywords =     {standard}}

@Report{NISTSP800-38D,
  author = 	 {Dworkin, Morris},
  title = 	 {Recommendation for Block Cipher Modes of Operation},
  subtitle =     {Galois/Counter Mode (GCM) and GMAC},
  type = 	 {NIST Special Publication 800-38D},
  institution =  {National Institute of Standards and Technology},
  year = 	 2007,
  month = 	 11,
  key = 	 {NIST SP 800-38D},
  label = 	 {NIST SP 800-38D},
  url = 	 {http://nvlpubs.nist.gov/nistpubs/Legacy/SP/nistspecialpublication800-38d.pdf},
  keywords =     {standard}}

@Report{NISTSP800-133,
  author = 	 {Barker, Elaine and Roginsky, Allen},
  title = 	 {Recommendation for Cryptographic Key Generation},
  type = 	 {NIST Special Publication 800-133},
  institution =  {National Institute of Standards and Technology},
  year = 	 2012,
  month = 	 12,
  key = 	 {NIST SP 800-133},
  label = 	 {NIST SP 800-133},
  url = 	 {https://nvlpubs.nist.gov/nistpubs/SpecialPublications/NIST.SP.800-133.pdf},
  keywords =     {standard}}

@Report{SP80090A,
  author = 	 {Elaine Barker and John Kelsey},
  title = 	 {Recommendation for Random Number Generation Using
                  Deterministic Random Bit Generators},
  type = 	 {NIST Special Publication},
  institution =  {National Institute of Standards and Technology},
  date = 	 {2015-06},
  label = 	 {NIST SP 800-90A},
  subtitle =     {National Industrial Security Program Operating Manual},
  version = 	 {Revision 1},
  url = 	 {http://dx.doi.org/10.6028/NIST.SP.800-90Ar1 },
  keywords =     {standard}}

@Report{CCPart1,
  author = 	 {The Common Criteria Recognition Agreement Members},
  title = 	 {Common Criteria for Information Technology Security Evaluation},
  subtitle =     {Part 1: Introduction and general model},
  type = 	 {Common Criteria},
  institution =  {Common Criteria Portal},
  date = 	 {2017-04},
  label = 	 {CC Part~2},
  version = 	 {3.1R5},
  url = 	 {http://www.commoncriteriaportal.org/thecc.html},
  keywords =     {standard}}

@Report{CCPart2,
  author = 	 {The Common Criteria Recognition Agreement Members},
  title = 	 {Common Criteria for Information Technology Security Evaluation},
  subtitle =     {Part 2: Security functional components},
  type = 	 {Common Criteria},
  institution =  {Common Criteria Portal},
  date = 	 {2017-04},
  label = 	 {CC Part~2},
  version = 	 {3.1R5},
  url = 	 {http://www.commoncriteriaportal.org/thecc.html},
  keywords =     {standard}}

@Report{CCPart3,
  author = 	 {The Common Criteria Recognition Agreement Members},
  title = 	 {Common Criteria for Information Technology Security Evaluation},
  subtitle =     {Part 3: Security assurance components},
  type = 	 {Common Criteria},
  institution =  {Common Criteria Portal},
  date = 	 {2017-04},
  label = 	 {CC Part~3},
  version = 	 {3.1R5},
  url = 	 {http://www.commoncriteriaportal.org/thecc.html},
  keywords =     {standard}}

@Report{CEM,
  author = 	 {The Common Criteria Recognition Agreement Members},
  title = 	 {Common Methodology for Information Technology Security Evaluation},
  type = 	 {Common Criteria},
  institution =  {Common Criteria Portal},
  date = 	 {2017-04},
  label = 	 {CC~CEM},
  version = 	 {3.1R5},
  url = 	 {http://www.commoncriteriaportal.org/thecc.html},
  keywords =     {standard}}

@Report{algcat,
  author      = {BNetzA},
  title       = {Bekanntmachung zur elektronischen Signatur nach dem Signaturgesetz und der Signaturverordnung},
  institution = {Bundesnetzagentur für Elektrizität, Gas, Telekommunikation, Post und Eisenbahnen},
  date        = 2016,
  label       = {ALGCAT},
  key         = {algcat},
  subtitle    = {Übersicht über geeignete Algorithmen (BAnz AT 30.12.2016 B5)},
  url         = {https://www.bundesanzeiger.de},
  month       = 12,
  keyword     = {pptr}}

@Article{IEEE802.3, 
  author={}, 
  journal={IEEE Std 802.3-2015 (Revision of IEEE Std 802.3-2012)}, 
  title={IEEE Standard for Ethernet}, 
  year={2016}, 
  volume={}, 
  number={}, 
  pages={1-4017},
  label={IEEE802.3},
  doi={10.1109/IEEESTD.2016.7428776}, 
  ISSN={}, 
  month={3},
  keywords = {standard}}
